@Misc{hypertext,
  key    = "web:hypertext",
  author = "",
  title  = "Hypertext",
  note   = "\\ \url{http://en.wikipedia.org/wiki/Hypertext}, stav ze 30.\,12.\,2009",
}
@Misc{www,
  key    = "web:www",
  author = "",
  title  = "World {W}ide {W}eb",
  note   = "\\ \url{http://en.wikipedia.org/wiki/World_Wide_Web}, stav ze 30.\,12.\,2009",
}
@InProceedings{holyj_webexpo,
  key = "web:holyj_webexpo",
  author = "Josef Holý",
  title  = "Sémantický web, Stromy a My",
  year = "2009",
  publisher = "Sun Microsystems",
  note   = "\\ \url{http://webexpo.cz/prednaska/semanticky-web/}, materiál k přednášce, konference Webexpo",
}
@Misc{semantics,
  key = "web:semantics",
  author = "",
  title  = "Semantics",
  note   = "\\ \url{http://en.wikipedia.org/wiki/Semantics}, stav ze 7.\,1.\,2010",
}
@Misc{posh,
  key = "web:posh",
  author = "",
  title  = "{P}lain {O}ld {S}emantic {HTML}",
  note   = "\\ \url{http://microformats.org/wiki/posh}, stav ze 30.\,12.\,2009",
}
@Misc{mashup,
  key = "web:mashup",
  author = "",
  title  = "{M}ash-{U}p",
  note   = "\\ \url{http://en.wikipedia.org/wiki/Mashup_(web_application_hybrid)}, stav ze 30.\,12.\,2009",
}
@Misc{xhtml,
  key = "web:xhtml",
  author = "",
  title  = "{XHTML}",
  note   = "\\ \url{http://www.xhtml.org/}",
}
@Misc{ria,
  key = "web:ria",
  author = "",
  title  = "{R}ich {I}nternet {A}pplication",
  note   = "\\ \url{http://en.wikipedia.org/wiki/Rich_Internet_application}, stav ze 30.\,12.\,2009",
}
@Misc{microformat,
  key = "web:microformat",
  author = "",
  title  = "Mikroformáty",
  note   = "\\ \url{http://microformats.org/about}, stav ze 30.\,12.\,2009",
}
@InProceedings{web30,
  key = "web:web30",
  author = "Sabin-Corneliu Buraga",
  title  = "Why {W}eb 3.0?",
  year = "2008",
  note   = "\\ \url{http://www.slideshare.net/busaco/why-web-30-presentation}",
  publisher = "A. {I}. {C}uza {U}niversity of {I}asi, {R}omania",
}
@InProceedings{europen,
  author = 	  "Jiří Kosek",
  title = 	  "Sémantika na webu",
  booktitle =  "Sborník příspěvků z 33. konference {E}ur{O}pen.{CZ}",
  year =	  "2008",
  pages =	  "5--13",
  publisher =     "Česká společnost uživatelů otevřených systémů {E}ur{O}pen.{CZ}",
}
@Article{zdrojakSemWeb,
  author = "Jiří Procházka",
  title  = "Úvod do {S}émantického {W}ebu",
  journal= "Zdroják",
  note = "\\ \url{http://zdrojak.root.cz/clanky/uvod-do-semantickeho-webu/}",
  year   = 2009,
}
@Misc{semWeb,
  author = "Harry Halpin and Sandro Hawke and Ivan Herman",
  title  = "{W3C} {S}emantic {W}eb {A}ctivity",
  note   = "\\ \url{http://www.w3.org/2001/sw/}",
  year = "2009",
}
@Misc{RDF,
  author = "Ivan Herman and Ralph Swick and Dan Brickley",
  title  = "{R}esource {D}escription {F}ramework",
  note   = "\\ \url{http://www.w3.org/RDF/}",
  year = "2009",
}
@Misc{semWebStandards,
    key = "web:semWebStandards",
  author = "",
  title  = "{S}emantic {W}eb standards",
  note   = "\\ \url{http://semanticweb.org/wiki/Ontology_language}, stav z 1.\,1.\,2010",
}
@Misc{ontology,
    key = "web:ontology",
  author = "",
  title  = "Ontology",
  note   = "\\ \url{http://semanticweb.org/wiki/Ontology}, stav z 1.\,1.\,2010",
}

@InProceedings{kunc,
  author = 	  "Ladislav Kunc",
  title = 	  "{F}ace-to-{F}ace {C}ommunicative {O}ntology",
  note =     "{D}issertation {T}hesis",
  year =	  2009,
  publisher = "{C}zech {T}echnical {U}niversity in {P}rague",
}
@InProceedings{obitko,
  author = "Marek Obitko",
  title  = "Ontologie - popis a aplikace",
  publisher   = "{G}erstner {L}aboratory, {P}raha",
  year = "2001",
  note = "Seminář",
}
@InProceedings{gruber,
  author =       "Tom Gruber",
  title =        "Ontology",
  booktitle =      "Encyclopedia of {D}atabase {S}ystems",
  publisher = "Springer",
  year =         "2009",
}
@Misc{semWebStack,
    key = "web:semWebStack",
  author = "",
  title  = "Semantic {W}eb {S}tack",
  note   = "\\ \url{http://en.wikipedia.org/wiki/Semantic_Web_Stack}, stav z 1.\,1.\,2010",
}
@Misc {Dictionary,
    key = "web:Dictionary",
    title = "{O}nline {E}tymology {D}ictionary",
    year = {2010},
    note = "\\ \url{http://dictionary.reference.com/browse/ontology}",
}
@InProceedings{noy,
  author = 	  "N. F. Noy and D. L. McGuinness",
  title = 	  "{O}ntology {D}evelopment 101: {A} {G}uide to {C}reating {Y}our {F}irst {O}ntology",
  note =     "Technical report",
  year =	  2001,
  publisher = {Stanford University},
}
@Misc{linkedData,
  key = "web:linkedData",
  author = "",
  title  = "{L}inked {D}ata - {C}onnect {D}istributed {D}ata across the {W}eb",
  note   = "\\ \url{http://linkeddata.org/}, stav z 3.\,1.\,2010",
}
@InProceedings{ontowww,
  author = 	  "Vojtěch Svátek",
  title = 	  "Ontologie a {WWW}",
  year =	  2002,
  publisher = "{VŠE} {P}raha",
  pages = "1--35",
  booktitle =      "Sborník konference {DATAKON}",
}
@Book{owltutorial,
  author = 	  "Matthew Horridge and Holger Knublauch and Alan Rector and Robert Stevens and Chris Wroe",
  title = 	  "A {P}ractical {G}uide {T}o {B}uilding {O}{W}{L} {O}ntologies {U}sing {T}he{P}rotégé-{O}{W}{L} {P}lugin and {CO-ODE} {T}ools",
  year =	  2004,
  publisher = "The {U}niversity of {M}anchester. {S}tanford {U}niversity",
  edition   = "1.0",
}
@InProceedings{pizza,
  key = "web:pizza",
  author = "Nick Drummond and Matthew Horridge and Robert Stevens and Chris Wroe and Sandra Sampaio",
  title  = "Pizza {O}ntology",
  note   = "\\ \url{http://www.co-ode.org/ontologies/pizza/}, v1.5 (2007/02/12)",
  publisher = "The {U}niversity of {M}anchester",
  year = "2007"
}
@Book{staab,
  author = 	  "Steffen Staab and Rudi Studer",
  title = 	  "Handbook on {O}ntologies",
  year =	  2004,
  publisher = "Springer",
}
@Misc{RDFprimer,
  author = "Frank Manola and Eric Miller",
  title  = "{R}esource {D}escription {F}ramework",
  note   = "\\ \url{http://www.w3.org/TR/rdf-primer/}",
  year = "2004",
}
@Misc{RDFa,
  author = "Ben Adida and Mark Birbeck",
  title  = "{RDF}a {P}rimer",
  note   = "\\ \url{http://www.w3.org/TR/xhtml-rdfa-primer/}",
  year = "2008",
}
@Misc{rdfxml,
  author = "Dave Beckett and Brian McBride",
  title  = "{RDF}/{XML} {S}yntax {S}pecification",
  note   = "\\ \url{http://www.w3.org/TR/REC-rdf-syntax/}",
  year = "2004",
}
@Misc{sparqlwiki,
  author = "",
  title  = "{SPARQL}",
  note   = "\\ \url{http://en.wikipedia.org/wiki/SPARQL}, stav z 4.\,1.\,2010",
}
@Misc{owlguide,
  author = "{W3C}",
  title  = "{OWL} {W}eb {O}ntology {L}anguage Guide",
  note   = "\\ \url{http://www.w3.org/TR/owl-guide/}",
  year = "2004",
}
@Misc{owlxml,
  author = "{W3C}",
  title  = "{OWL} 2 {W}eb {O}ntology {L}anguage {XML} Serialization",
  note   = "\\ \url{http://www.w3.org/TR/owl2-xml-serialization/}",
  year = "2009",
}
@Misc{svatek,
  author = "Vojtěch Svátek",
  title  = "Deskripční logika",
  note   = "\\ \url{http://nb.vse.cz/~svatek/rzzw/dl.pdf}",
  year = "",
}
@Misc{relace,
  author = "",
  title  = "Relace",
  note   = "\\ \url{http://www.matweb.cz/relace}, Matematika polopatě",
  year = "2008",
}
@Misc{owl2,
  author = "{W3C}",
  title  = "{OWL} 2 {W}eb {O}ntology {L}anguage {D}ocument {O}verview",
  note   = "\\ \url{http://www.w3.org/TR/owl2-overview/}",
  year = "2009",
}
@Misc{owl2primer,
  author = "{W3C}",
  title  = "{OWL} 2 {W}eb {O}ntology {L}anguage {P}rimer",
  note   = "\\ \url{http://www.w3.org/TR/owl2-primer/}",
  year = "2009",
}
@InProceedings{EL,
  author    = "Franz Baader and Sebastian Brandt and Carsten Lutz",
  title     = "Pushing the {EL} {E}nvelope",
  booktitle = "the 19th {J}oint {I}nt. {C}onf. on {A}rtificial {I}ntelligence ({IJCAI} 2005)",
  year      =  2005,
}
@InProceedings{owlhradec,
  author = "",
  title  = "Znalostní technologie {I}.",
  note   = "\\ \url{http://lide.uhk.cz/fim/ucitel/fshusam2/lekarnicky/zt1/zt1_kap04.html}",
  publisher = "Univerzita {H}radec {K}rálové",
  year = ""
}
@Misc{semwebtools,
  author = "{W3C}",
  title  = "SemanticWebTools",
  note   = "\\ \url{http://esw.w3.org/topic/SemanticWebTools}, stav z 7.\,1.\,2010",
  year = "",
}
@Misc{rdfstore, 
  author = "",
  title  = "{RDF} {S}tore",
  note   = "\\ \url{http://semanticweb.org/wiki/Category:RDF_store}, stav z 7.\,1.\,2010",
  year = "",
}
@Misc{semwebwikitools,
  author = "",
  title  = "{RAP} - {RDF} {API} for {PHP} {V}0.9.6",
  note   = "\\ \url{http://semanticweb.org/wiki/Tools}, stav z 7.\,1.\,2010",
  year = "",
}
}
@Misc{freedb,
  author = "",
  title  = "Free{DB}.org",
  note   = "\\ \url{http://www.freedb.org/}, stav z 8.\,1.\,2010",
  year = "",
}
@Misc{musicbrainz,
  author = "",
  title  = "MusicBrainz",
  note   = "\\ \url{http://musicbrainz.org/}, stav z 8.\,1.\,2010",
  year = "",
}
@Misc{musicbrainzmetadatavoc,
  author = "Leigh Dodds",
  title  = "Music{B}rainz {M}etadata {V}ocabulary",
  note   = "\\ \url{http://www.ldodds.com/projects/musicbrainz/schema/mb.html}, stav z 8.\,1.\,2010",
  year = "",
}
@Misc{mo,
  author = "Frédérick Giasson and Yves Raimond",
  title  = "Music {O}ntology {S}pecification",
  note   = "\\ \url{http://musicontology.com/}",
  year = "2007",
}
@Misc{foaf,
  author = "Dan Brickley and Libby Miller",
  title  = "{FOAF} {V}ocabulary {S}pecification 0.97",
  note   = "\\ \url{http://xmlns.com/foaf/spec/}",
  year = "2010",
}
@Misc{event,
  author = "Yves Raimond and Samer Abdallah",
  title  = "The {E}vent {O}ntology",
  note   = "\\ \url{http://motools.sf.net/event/event.html}",
  year = "2007",
}
@Misc{timeline,
  author = "Yves Raimond and Samer Abdallah",
  title  = "The {T}imeline {O}ntology",
  note   = "\\ \url{http://motools.sf.net/timeline/timeline.html}",
  year = "2007",
}
@Misc{dbpedia,
  author = "",
  title  = "{DB}pedia",
  note   = "\\ \url{http://dbpedia.org/}, stav z 23.\,11.\,2009",
  year = "",
}
@Misc{hornsachs,
  author = "",
  title  = "{H}ornbostel-{S}achs",
  note   = "\\ \url{http://en.wikipedia.org/wiki/Hornbostel-Sachs}, stav z 1.\,6.\,2009",
  year = "",
}
@Misc{allmusic,
  author = "",
  title  = "allmusic hudební databáze",
  note   = "\\ \url{http://www.allmusic.com/}, stav z 1.\,9.\,2009",
  year = "",
}